
@inbook {AS08,
        AUTHOR = {Joan Serra-Sagrist\`a and Francesc Aul\'i-Llin\`as},
        EDITOR = {Manuel Gra\~na and Richard Duro},
         TITLE = {Computational Intelligence for Remote Sensing},
     PUBLISHER = {Springer Verlag},
          YEAR = {2008},
       CHAPTER = {Remote sensing data compression},
        VOLUME = {133},
        SERIES = {Studies in Computational Intelligence},
       ADDRESS = {Germany},
         MONTH = {June},
          ISBN = {3540793526; ISBN-13: 978-3540793526},
}